<?xml version="1.0" encoding="UTF-8"?><record xmlns="http://www.loc.gov/MARC21/slim" xmlns:cinclude="http://apache.org/cocoon/include/1.0" xmlns:zs="http://www.loc.gov/zing/srw/">
  <leader>00378nz  a2200133n  4500</leader>
  <controlfield tag="001">nr 00002621 </controlfield>
  <controlfield tag="003">DLC</controlfield>
  <controlfield tag="005">20000129020010.0</controlfield>
  <controlfield tag="008">000125n| acannaabn          |a aaa     c</controlfield>
  <datafield tag="010" ind1=" " ind2=" ">
    <subfield code="a">nr 00002621 </subfield>
  </datafield>
  <datafield tag="040" ind1=" " ind2=" ">
    <subfield code="a">NIC</subfield>
    <subfield code="b">eng</subfield>
    <subfield code="c">NIC</subfield>
  </datafield>
  <datafield tag="100" ind1="1" ind2=" ">
    <subfield code="a">Đỗ, Tịnh</subfield>
  </datafield>
  <datafield tag="400" ind1="0" ind2=" ">
    <subfield code="a">Đỗ Tịnh</subfield>
  </datafield>
  <datafield tag="670" ind1=" " ind2=" ">
    <subfield code="a">Tờ trình bí mật của Krúpsết về Stalin, 1994:</subfield>
    <subfield code="b">t.p. (Đỗ Tịnh)</subfield>
  </datafield>
</record>